@inproceedings{DBLP:conf/apsipa/ChenSY23,
  author    = {Tsung{-}Ping Chen and
               Li Su and
               Kazuyoshi Yoshii},
  title     = {Learning Multifaceted Self-Similarity for Musical Structure Analysis},
  booktitle = {{APSIPA} {ASC}},
  pages     = {165--172},
  publisher = {{IEEE}},
  year      = {2023}
}


@inproceedings{DBLP:conf/ismir/SalamonNB21,
  author    = {Justin Salamon and
               Oriol Nieto and
               Nicholas J. Bryan},
  title     = {Deep Embeddings and Section Fusion Improve Music Segmentation},
  booktitle = {{ISMIR}},
  pages     = {594--601},
  year      = {2021}
}


@article{DBLP:journals/tismir/BerardinisVCC20,
  author  = {Jacopo de Berardinis and
             Michalis Vamvakaris and
             Angelo Cangelosi and
             Eduardo Coutinho},
  title   = {Unveiling the Hierarchical Structure of Music by Multi-Resolution
             Community Detection},
  journal = {Trans. Int. Soc. Music. Inf. Retr.},
  volume  = {3},
  number  = {1},
  pages   = {82--97},
  year    = {2020}
}

@book{lerdahl1983generative,
  author    = {Lerdahl, Fred and Jackendoff, Ray S},
  publisher = {MIT press},
  title     = {A Generative Theory of Tonal Music, reissue, with a new preface},
  year      = {1983}
}


@article{McfeeNFB17,
  author  = {McFee, Brian and Nieto, Oriol and Farbood, Morwaread M. and Bello, Juan Pablo},
  journal = {Frontiers in Psychology},
  pages   = {1337},
  title   = {Evaluating Hierarchical Structure in Music Annotations},
  volume  = {8},
  year    = {2017}
}


@inproceedings{muller2012scape,
  author       = {M{\"u}ller, Meinard and Jiang, Nanzhu},
  booktitle    = {ISMIR},
  organization = {Citeseer},
  pages        = {97--102},
  title        = {A Scape Plot Representation for Visualizing Repetitive Structures of Music Recordings.},
  year         = {2012}
}


@inproceedings{lukashevich2008towards,
	author = {Lukashevich, Hanna M},
	booktitle = {ISMIR},
	pages = {375--380},
	title = {Towards Quantitative Measures of Evaluating Song Segmentation.},
	year = {2008}}


@article{levy2008structural,
	author = {Levy, Mark and Sandler, Mark},
	journal = {IEEE transactions on audio, speech, and language processing},
	number = {2},
	pages = {318--326},
	title = {Structural segmentation of musical audio by constrained clustering},
	volume = {16},
	year = {2008}}



@inproceedings{DBLP:conf/ismir/McFeeNB15,
	author = {Brian McFee and Oriol Nieto and Juan Pablo Bello},
	booktitle = {{ISMIR}},
	pages = {406--412},
	title = {Hierarchical Evaluation of Segment Boundary Detection},
	year = {2015}}


@inproceedings{DBLP:conf/ismir/SalamonNB21,
	author = {Justin Salamon and Oriol Nieto and Nicholas J. Bryan},
	booktitle = {{ISMIR}},
	pages = {594--601},
	title = {Deep Embeddings and Section Fusion Improve Music Segmentation},
	year = {2021}}

@book{lerdahl1983generative,
	author = {Lerdahl, Fred and Jackendoff, Ray S},
	publisher = {MIT press},
	title = {A Generative Theory of Tonal Music, reissue, with a new preface},
	year = {1983}}

@inproceedings{muller2012scape,
	author = {M{\"u}ller, Meinard and Jiang, Nanzhu},
	booktitle = {ISMIR},
	organization = {Citeseer},
	pages = {97--102},
	title = {A Scape Plot Representation for Visualizing Repetitive Structures of Music Recordings.},
	year = {2012}}



@inproceedings{DBLP:conf/ismir/RaffelMHSNLE14,
	author = {Colin Raffel and Brian McFee and Eric J. Humphrey and Justin Salamon and Oriol Nieto and Dawen Liang and Daniel P. W. Ellis},
	booktitle = {{ISMIR}},
	pages = {367--372},
	title = {MIR{\_}EVAL: {A} Transparent Implementation of Common {MIR} Metrics},
	year = {2014}}

@article{DBLP:journals/taslp/BuissonMEC24,
	author = {Morgan Buisson and Brian McFee and Slim Essid and H{\'{e}}l{\`{e}}ne C. Crayencour},
	journal = {{IEEE} {ACM} Trans. Audio Speech Lang. Process.},
	pages = {2141--2152},
	title = {Self-Supervised Learning of Multi-Level Audio Representations for Music Segmentation},
	volume = {32},
	year = {2024}}


@inproceedings{DBLP:conf/icassp/TralieM19,
	author = {Christopher J. Tralie and Brian McFee},
	booktitle = {{ICASSP}},
	pages = {201--205},
	publisher = {{IEEE}},
	title = {Enhanced Hierarchical Music Structure Annotations via Feature Level Similarity Fusion},
	year = {2019}}


@article{DBLP:journals/tismir/NietoMWSSGM20,
	author = {Oriol Nieto and Gautham J. Mysore and Cheng{-}i Wang and Jordan B. L. Smith and Jan Schl{\"{u}}ter and Thomas Grill and Brian McFee},
	journal = {Trans. Int. Soc. Music. Inf. Retr.},
	number = {1},
	pages = {246--263},
	title = {Audio-Based Music Structure Analysis: Current Trends, Open Challenges, and Applications},
	volume = {3},
	year = {2020}}

@article{DBLP:journals/tismir/KinnairdM21,
	author = {Katherine M. Kinnaird and Brian McFee},
	journal = {Trans. Int. Soc. Music. Inf. Retr.},
	number = {1},
	pages = {81--92},
	title = {Automatic Hierarchy Expansion for Improved Structure and Chord Evaluation},
	volume = {4},
	year = {2021}}
